@book{kniberg,
author={Henrik Kniberg},
title={Scrum and XP from the Trenches},
publisher={C4Media Inc},
year={2007}
}

@misc{html5_canvas,
title={The canvas element},
url={http://www.w3.org/TR/html5/the-canvas-element.html#the-canvas-element},
note={Accessed 10 Jan 2012}
}

@misc{zotonic,
title={Zotonic, an Erlang CMS},
url={http://www.zotonic.com/},
note={Accessed 3 Jan 2012}
}

@misc{redmine,
title={Redmine, project management web application},
url={http://www.redmine.org/},
note={Accessed 9 Jan 2012}
}

@misc{erlsol,
title={Erlang Solutions},
url={http://www.erlang-solutions.com/},
note={Accessed 9 Jan 2012}
}

@misc{euc2011,
title={Erlang User Conference 2011, Stockholm},
url={http://www.erlang-factory.com/conference/ErlangUserConference2011},
note={Accessed 9 Jan 2012}
}

@misc{websocket,
title={{The WebSocket Protocol}},
author={Internet Engineering Task Force (IETF)},
url={http://tools.ietf.org/html/rfc6455},
year={2011},
note={Accessed 3 Feb 2012}
}

@misc{fb_chat,
title={Facebook Chat},
author={Eugene Letuchy},
url={https://www.facebook.com/note.php?note_id=14218138919},
month=may,
year=2008,
note={Accessed 9 Jan 2012}
}

@misc{fb_pres,
title={Erlang at Facebook},
url={http://www.erlang-factory.com/upload/presentations/31/EugeneLetuchy-ErlangatFacebook.pdf},
note={Accessed 3 Jan 2012}
}

@misc{erlangweb,
title={Erlang Web},
url={http://www.erlang-web.org/},
note={Accessed 3 Jan 2012}
}

@misc{nitrogen,
title={Nitrogen - Nitrogen Web Framework for Erlang},
url={http://nitrogenproject.com/},
note={Accessed 3 Jan 2012}
}

@misc{chicagoboss,
title={Chicago Boss - Index - Chicago Boss},
url={http://www.chicagoboss.org/},
note={Accessed 3 Jan 2012}
}

@misc{mochiweb,
title={mochi/mochiweb - GitHub},
url={https://github.com/mochi/mochiweb},
note={Accessed 3 Jan 2012}
}

@misc{yaws,
title={Yaws},
url={http://yaws.hyber.org/},
note={Accessed 3 Jan 2012}
}

@misc{cowboy_pres,
author={Loïc Hoguin},
title={A Cowboy quest for a modern web},
note={Talk at Erlang User Conference 3 November 2011, Stockholm}
}

@book{ACID,
  title={Distributed systems: concepts and design},
  author={Coulouris, G.F. and Dollimore, J. and Kindberg, T.},
  isbn={9780321263544},
  lccn={2005043613},
  series={International computer science series},
  year={2005},
  publisher={Addison-Wesley}
}

@misc{dynamo,
    author = {Deniz Hastorun and Madan Jampani and Gunavardhan Kakulapati and Alex Pilchin and Swaminathan Sivasubramanian and Peter Vosshall and Werner Vogels},
    title = {Dynamo: amazon’s highly available key-value store},
    booktitle = {In Proc. SOSP},
    year = {2007},
    pages = {205--220}
}

@misc{cap_theorem,
    author = {Seth Gilbert and Nancy Lynch},
    title = {Brewer's Conjecture and the Feasibility of Consistent Available Partition-Tolerant Web Services},
    booktitle = {In ACM SIGACT News},
    year = {2002},
    pages = {2002}
}

@misc{ejabberd-plugin,
    url={http://www.process-one.net/en/wiki/ejabberd_module_development/},
    title={ejabberd module development},
    author = {Process-one},
    note = {Accessed 10 Jan 2012}
}

@misc{xmpp-component,
    title={{XEP-0114: Jabber Component Protocol}},
    author={Peter Saint-Andre},
    year={2005},
    url={http://xmpp.org/extensions/xep-0114.html}
}

@misc{xmpp-s2s,
    title={{XEP-0288: Bidirectional Server-to-Server Connections}},
    author={Philipp Hancke and Dave Cridland},
    year= {2011},
    url={http://xmpp.org/extensions/xep-0288.html}
}

@misc{diplomacy,
title={Diplomacy},
author={Allan B. Calhamer},
url={http://www.wizards.com/default.asp?x=ah/prod/diplomacy},
isbn={978-0-7869-5008-9},
note={Accessed 3 Feb 2012},
}

@book{subversion,
  title={Version Control with Subversion},
  edition={Second},
  author={Pilato, C. Michael and Collins-Sussman ,Ben and Fitzpatrick, Brian W.},
  isbn={978-0-596-51033-6},
  year={2008},
  publisher={O'Reilly Media}
}

@book{git_vcs,
  title={Version Control with Git},
  author={Loeliger, Jon},
  isbn={978-0-596-52012-0},
  year={2009},
  publisher={O'Reilly Media}
}

@book{erlang_proglang,
  title={Erlang Programming},
  author={Cesarini, Francesco and Thompson, Simon},
  isbn={978-0-596-51818-9},
  year={2009},
  publisher={O'Reilly Media}
}

@book{jenkins_ci,
title={Jenkins: The Definitive Guide},
author={Smart, John Ferguson},
isbn={978-1-4493-8959-8},
year={2011},
publisher={O'Reilly Media}
}

@misc{buildbot,
title={Buildbot continous integration system},
url={http://trac.buildbot.net},
note={Accessed 3 Feb 2012},
}

@misc{gerrit_cr,
title={Gerrit web based code review},
url={http://code.google.com/p/gerrit},
note={Accessed 3 Feb 2012},
}

@misc{rebar,
title={Rebar: the Erlang build tool},
url={https://github.com/basho/rebar/wiki},
note={Accessed 3 Feb 2012},
}

@misc{ejabberd_im,
title={The ejabberd instant messaging server},
url={http://www.ejabberd.im},
note={Accessed 3 Feb 2012},
}

@misc{exmpp_api,
title={The exmpp library},
url={https://support.process-one.net/doc/display/EXMPP/exmpp+home},
note={Accessed 3 Feb 2012},
}

@misc{erlang_otp,
title={Open telecom platform},
author={Seved Torstendahl},
url={www.erlang.se/publications/ericsson_review_otp_1997012.pdf},
note={Accessed 3 Feb 2012},
}

@misc{eunit,
title={EUnit: a Lightweight Unit Testing Framework for Erlang},
url={http://www.erlang.org/doc/apps/eunit/chapter.html},
note={Accessed 3 Feb 2012},
}

@misc{commontest,
title={The Common Test framework},
url={http://www.erlang.org/doc/man/common_test.html},
note={Accessed 3 Feb 2012},
}

@misc{selenium,
title={Selenium browser automation},
url={http://seleniumhq.org/},
note={Accessed 3 Feb 2012},
}

@misc{basho_bench,
title={Basho Bench},
url={http://wiki.basho.com/Benchmarking.html},
note={Accessed 3 Feb 2012},
}

@misc{eleveldb,
title={eLevelDB},
url={http://wiki.basho.com/LevelDB.html},
note={Accessed 3 Feb 2012},
}

@misc{bitcask,
title={Bitcask},
url={http://wiki.basho.com/Bitcask.html},
note={Accessed 3 Feb 2012},
}

@misc{puppetlab,
title={Puppet},
url={http://projects.puppetlabs.com/projects/1/wiki},
note={Accessed 3 Feb 2012},
}

@misc{dialyzer,
title={The Dialyzer, a discrepancy analyzer for Erlang programs},
url={http://www.erlang.org/doc/man/dialyzer.html},
note={Accessed 3 Feb 2012},
}

@misc{highcharts,
title={Hightcharts JS},
url={http://www.highcharts.com},
note={Accessed 3 Feb 2012},
}

@misc{ubuntu,
title={Ubuntu operating system},
url={http://www.ubuntu.com/ubuntu},
note={Accessed 8 Feb 2012},
}

@misc{riakdb,
title={Riak distributed database},
url={http://basho.com/products/riak-overview/},
note={Accessed 8 Feb 2012},
}

@misc{gensmtp,
title={The gen\_smtp email server},
url={https://github.com/Vagabond/gen_smtp},
note={Accessed 8 Feb 2012},
}

@misc{chromium,
title={Chromium web browser},
url={http://www.chromium.org/},
note={Accessed 8 Feb 2012},
}

@misc{scrum,
title={Scrum methodology},
url={http://www.scrummethodology.org},
note={Accessed 10 Feb 2012},
}
